<?xml version="1.0" encoding="UTF-8"?><record xmlns="http://www.loc.gov/MARC21/slim" xmlns:cinclude="http://apache.org/cocoon/include/1.0" xmlns:zs="http://www.loc.gov/zing/srw/">
  <leader>00441cz  a2200145n  4500</leader>
  <controlfield tag="001">n  86137028 </controlfield>
  <controlfield tag="003">DLC</controlfield>
  <controlfield tag="005">20080611075929.0</controlfield>
  <controlfield tag="008">860513n| acannaabn          |a aaa      </controlfield>
  <datafield tag="010" ind1=" " ind2=" ">
    <subfield code="a">n  86137028 </subfield>
  </datafield>
  <datafield tag="035" ind1=" " ind2=" ">
    <subfield code="a">(OCoLC)oca01586556</subfield>
  </datafield>
  <datafield tag="040" ind1=" " ind2=" ">
    <subfield code="a">DLC</subfield>
    <subfield code="b">eng</subfield>
    <subfield code="c">DLC</subfield>
    <subfield code="d">DLC</subfield>
    <subfield code="d">OCoLC</subfield>
  </datafield>
  <datafield tag="100" ind1="1" ind2=" ">
    <subfield code="a">Cashmore, Carol</subfield>
  </datafield>
  <datafield tag="400" ind1="1" ind2=" ">
    <subfield code="a">Cashmore, C. V.</subfield>
    <subfield code="q">(Carol V.)</subfield>
  </datafield>
  <datafield tag="670" ind1=" " ind2=" ">
    <subfield code="a">Her Collard, the Honiton &amp; Dorset potter, 1983:</subfield>
    <subfield code="b">t.p. (Carol Cashmore) copr. (C. V. Cashmore)</subfield>
  </datafield>
</record>